<?xml version="1.0" encoding="UTF-8"?><collection xmlns="http://www.loc.gov/MARC21/slim"><record><leader>00369nam--2200145-i-4500</leader><controlfield tag="001">000037903</controlfield><controlfield tag="002">20161230</controlfield><controlfield tag="005">20161230201041</controlfield><controlfield tag="008">060222s1000------------r-----000-0-eng-d</controlfield><datafield ind1=" " ind2=" " tag="080"><subfield code="a">546.65</subfield></datafield><datafield ind1=" " ind2=" " tag="245"><subfield code="a">Rare earth research ii</subfield></datafield><datafield ind1=" " ind2=" " tag="260"><subfield code="a">New York, Gordon And Breach, 1964, Xvi - 621p</subfield></datafield><datafield ind1=" " ind2=" " tag="490"><subfield code="a">Rare Earth Research Series</subfield></datafield><datafield ind1=" " ind2=" " tag="700"><subfield code="a">Vorres, Karl S</subfield></datafield><datafield ind1=" " ind2=" " tag="852"><subfield code="a">22488</subfield></datafield></record></collection>